% ------------------------------------------------------------------------
% SAMPLE BIBLIOGRAPHY FILE
% ------------------------------------------------------------------------


@Inbook{Lemos2013,
author="Lemos, Rog{\'e}rio
and Giese, Holger
and M{\"u}ller, Hausi A.
and Shaw, Mary
and Andersson, Jesper
and Litoiu, Marin
and Schmerl, Bradley
and Tamura, Gabriel
and Villegas, Norha M.
and Vogel, Thomas
and Weyns, Danny
and Baresi, Luciano
and Becker, Basil
and Bencomo, Nelly
and Brun, Yuriy
and Cukic, Bojan
and Desmarais, Ron
and Dustdar, Schahram
and Engels, Gregor
and Geihs, Kurt
and G{\"o}schka, Karl M.
and Gorla, Alessandra
and Grassi, Vincenzo
and Inverardi, Paola
and Karsai, Gabor
and Kramer, Jeff
and Lopes, Ant{\'o}nia
and Magee, Jeff
and Malek, Sam
and Mankovskii, Serge
and Mirandola, Raffaela
and Mylopoulos, John
and Nierstrasz, Oscar
and Pezz{\`e}, Mauro
and Prehofer, Christian
and Sch{\"a}fer, Wilhelm
and Schlichting, Rick
and Smith, Dennis B.
and Sousa, Jo{\~a}o Pedro
and Tahvildari, Ladan
and Wong, Kenny
and Wuttke, Jochen",
editor="Lemos, Rog{\'e}rio
and Giese, Holger
and M{\"u}ller, Hausi A.
and Shaw, Mary",
chapter="Software Engineering for Self-Adaptive Systems: A Second Research Roadmap",
title="Software Engineering for Self-Adaptive Systems II: International Seminar, Dagstuhl Castle, Germany, October 24-29, 2010 Revised Selected and Invited Papers",
year="2013",
publisher="Springer Berlin Heidelberg",
address="Berlin, Heidelberg",
pages="1--32",
isbn="978-3-642-35813-5",
doi="10.1007/978-3-642-35813-5_1",
url="http://dx.doi.org/10.1007/978-3-642-35813-5_1"
}

@Inbook{Cheng2009,
author="Cheng, Betty H. C.
and Lemos, Rog{\'e}rio
and Giese, Holger
and Inverardi, Paola
and Magee, Jeff
and Andersson, Jesper
and Becker, Basil
and Bencomo, Nelly
and Brun, Yuriy
and Cukic, Bojan
and Marzo Serugendo, Giovanna
and Dustdar, Schahram
and Finkelstein, Anthony
and Gacek, Cristina
and Geihs, Kurt
and Grassi, Vincenzo
and Karsai, Gabor
and Kienle, Holger M.
and Kramer, Jeff
and Litoiu, Marin
and Malek, Sam
and Mirandola, Raffaela
and M{\"u}ller, Hausi A.
and Park, Sooyong
and Shaw, Mary
and Tichy, Matthias
and Tivoli, Massimo
and Weyns, Danny
and Whittle, Jon",
editor="Cheng, Betty H. C.
and Lemos, Rog{\'e}rio
and Giese, Holger
and Inverardi, Paola
and Magee, Jeff",
chapter="Software Engineering for Self-Adaptive Systems: A Research Roadmap",
title="Software Engineering for Self-Adaptive Systems",
year="2009",
publisher="Springer Berlin Heidelberg",
address="Berlin, Heidelberg",
pages="1--26",
isbn="978-3-642-02161-9",
doi="10.1007/978-3-642-02161-9_1",
url="http://dx.doi.org/10.1007/978-3-642-02161-9_1"
}

@Inbook{Welsh2008,
author="Welsh, Kristopher
and Sawyer, Pete",
editor="Paech, Barbara
and Rolland, Colette",
chapter="When to Adapt? Identification of Problem Domains for Adaptive Systems",
title="Requirements Engineering: Foundation for Software Quality: 14th International Working Conference, REFSQ 2008 Montpellier, France, June 16-17, 2008 Proceedings",
year="2008",
publisher="Springer Berlin Heidelberg",
address="Berlin, Heidelberg",
pages="198--203",
isbn="978-3-540-69062-7",
doi="10.1007/978-3-540-69062-7_19",
url="http://dx.doi.org/10.1007/978-3-540-69062-7_19"
}

@INPROCEEDINGS{1317482, 
author={Poladian, V. and Sousa, J.P. and Garlan, D. and Shaw, M.}, 
booktitle={Software Engineering, 2004. ICSE 2004. Proceedings. 26th International Conference on}, 
title={Dynamic configuration of resource-aware services}, 
year={2004}, 
pages={604-613}, 
keywords={configuration management;formal specification;resource allocation;ubiquitous computing;computing systems;dynamic configuration;reconfiguration decisions;resource allocation;resource assignments;resource-aware services;ubiquitous computing;user specification;Analytical models;Availability;Bandwidth;Computer science;Heart;Quality of service;Resource management;Ubiquitous computing;Vehicle dynamics;Writing}, 
doi={10.1109/ICSE.2004.1317482}, 
ISSN={0270-5257}, 
month={May},}

@inproceedings{Esfahani:2011,
 author = {Esfahani, Naeem and Kouroshfar, Ehsan and Malek, Sam},
 title = {Taming Uncertainty in Self-adaptive Software},
 booktitle = {Proceedings of the 19th ACM SIGSOFT Symposium and the 13th European Conference on Foundations of Software Engineering},
 series = {ESEC/FSE '11},
 year = {2011},
 isbn = {978-1-4503-0443-6},
 location = {Szeged, Hungary},
 pages = {234--244},
 numpages = {11},
 url = {http://doi.acm.org/10.1145/2025113.2025147},
 doi = {10.1145/2025113.2025147},
 acmid = {2025147},
 publisher = {ACM},
 address = {New York, NY, USA},
 keywords = {self-adaptation, software architecture, uncertainty},
} 

@Inbook{Song2013,
author="Song, Hui
and Barrett, Stephen
and Clarke, Aidan
and Clarke, Siobh{\'a}n",
editor="Moreira, Ana
and Sch{\"a}tz, Bernhard
and Gray, Jeff
and Vallecillo, Antonio
and Clarke, Peter",
chapter="Self-adaptation with End-User Preferences: Using Run-Time Models and Constraint Solving",
title="Model-Driven Engineering Languages and Systems: 16th International Conference, MODELS 2013, Miami, FL, USA, September 29 -- October 4, 2013. Proceedings",
year="2013",
publisher="Springer Berlin Heidelberg",
address="Berlin, Heidelberg",
pages="555--571",
isbn="978-3-642-41533-3",
doi="10.1007/978-3-642-41533-3_34",
url="http://dx.doi.org/10.1007/978-3-642-41533-3_34"
}

@inproceedings{Elkhodary:2010,
 author = {Elkhodary, Ahmed and Esfahani, Naeem and Malek, Sam},
 title = {FUSION: A Framework for Engineering Self-tuning Self-adaptive Software Systems},
 booktitle = {Proceedings of the Eighteenth ACM SIGSOFT International Symposium on Foundations of Software Engineering},
 series = {FSE '10},
 year = {2010},
 isbn = {978-1-60558-791-2},
 location = {Santa Fe, New Mexico, USA},
 pages = {7--16},
 numpages = {10},
 url = {http://doi.acm.org/10.1145/1882291.1882296},
 doi = {10.1145/1882291.1882296},
 acmid = {1882296},
 publisher = {ACM},
 address = {New York, NY, USA},
 keywords = {feature-orientation, learning, qos analysis, self-adaptation},
} 

@Inbook{Brun2013,
author="Brun, Yuriy
and Desmarais, Ron
and Geihs, Kurt
and Litoiu, Marin
and Lopes, Antonia
and Shaw, Mary
and Smit, Michael",
editor="Lemos, Rog{\'e}rio
and Giese, Holger
and M{\"u}ller, Hausi A.
and Shaw, Mary",
chapter="A Design Space for Self-Adaptive Systems",
title="Software Engineering for Self-Adaptive Systems II: International Seminar, Dagstuhl Castle, Germany, October 24-29, 2010 Revised Selected and Invited Papers",
year="2013",
publisher="Springer Berlin Heidelberg",
address="Berlin, Heidelberg",
pages="33--50",
isbn="978-3-642-35813-5",
doi="10.1007/978-3-642-35813-5_2",
url="http://dx.doi.org/10.1007/978-3-642-35813-5_2"
}

@inproceedings{2014-eplison-GA-weigh-h-scaling-2014,
 author = {El Kateb, Donia and Fouquet, Fran\c{c}ois and Nain, Gr{\'e}gory and Meira, Jorge Augusto and Ackerman, Michel and Le Traon, Yves},
 title = {Generic Cloud Platform Multi-objective Optimization Leveraging Models@Run.Time},
 booktitle = {Proceedings of the 29th Annual ACM Symposium on Applied Computing},
 series = {SAC '14},
 year = {2014},
 isbn = {978-1-4503-2469-4},
 location = {Gyeongju, Republic of Korea},
 pages = {343--350},
 numpages = {8},
 url = {http://doi.acm.org/10.1145/2554850.2555044},
 doi = {10.1145/2554850.2555044},
 acmid = {2555044},
 publisher = {ACM},
 address = {New York, NY, USA},
 keywords = {SaaS, models@run.time, multi-objective optimization, search based algorithms},
} 

@article{E3-R-extended,
 author = {Wada, Hiroshi and Suzuki, Junichi and Yamano, Yuji and Oba, Katsuya},
 title = {Evolutionary Deployment Optimization for Service-oriented Clouds},
 journal = {Softw. Pract. Exper.},
 issue_date = {April 2011},
 volume = {41},
 number = {5},
 month = apr,
 year = {2011},
 issn = {0038-0644},
 pages = {469--493},
 numpages = {25},
 url = {http://dx.doi.org/10.1002/spe.1032},
 doi = {10.1002/spe.1032},
 acmid = {1967102},
 publisher = {John Wiley \& Sons, Inc.},
 address = {New York, NY, USA},
 keywords = {cloud computing, genetic algorithm, queueing theory, search-based software engineering, service composition, service level agreement},
} 


% ------------------------------------------------------------------------
